 @misc{makowski2023affective,
  title   = {How do we know what is real? the 'affective reality theory'},
  url     = {https://dominiquemakowski.github.io/post/2023-04-11-affectivereality/},
  journal = {Dr Dominique Makowski},
  author  = {Makowski, Dominique},
  year    = {2023},
  month   = {Apr}
}

@article{dawel2021systematic,
  title     = {A systematic survey of face stimuli used in psychological research 2000--2020},
  author    = {Dawel, Amy and Miller, Elizabeth J and Horsburgh, Annabel and Ford, Patrice},
  journal   = {Behavior Research Methods},
  pages     = {1--13},
  year      = {2021},
  publisher = {Springer}
}
@article{viola2023designed,
  title     = {Designed to abuse? Deepfakes and the non-consensual diffusion of intimate images},
  author    = {Viola, Marco and Voto, Cristina},
  journal   = {Synthese},
  volume    = {201},
  number    = {1},
  pages     = {1--20},
  year      = {2023},
  publisher = {Springer}
}
@article{douglas2023data,
  title     = {Data quality in online human-subjects research: Comparisons between MTurk, Prolific, CloudResearch, Qualtrics, and SONA},
  author    = {Douglas, Benjamin D and Ewell, Patrick J and Brauer, Markus},
  journal   = {Plos one},
  volume    = {18},
  number    = {3},
  pages     = {e0279720},
  year      = {2023},
  publisher = {Public Library of Science San Francisco, CA USA}
}
@article{corvi2022detection,
  title   = {On the detection of synthetic images generated by diffusion models},
  author  = {Corvi, Riccardo and Cozzolino, Davide and Zingarini, Giada and Poggi, Giovanni and Nagano, Koki and Verdoliva, Luisa},
  journal = {arXiv preprint arXiv:2211.00680},
  year    = {2022}
}
@article{singer2021cognitive,
  title     = {Cognitive appraisal contributes to feeling generation through emotional evidence accumulation rate: Evidence from instructed fictional reappraisal.},
  author    = {Singer-Landau, Ella and Meiran, Nachshon},
  journal   = {Emotion},
  year      = {2021},
  publisher = {American Psychological Association}
}

@manual{RCoreTeam2022,
  title        = {R: A Language and Environment for Statistical Computing},
  author       = {{R Core Team}},
  organization = {R Foundation for Statistical Computing},
  address      = {Vienna, Austria},
  year         = {2022},
  url          = {https://www.R-project.org/}
}

@article{sperduti2016paradox,
  title     = {The paradox of fiction: Emotional response toward fiction and the modulatory role of self-relevance},
  author    = {Sperduti, Marco and Arcangeli, Margherita and Makowski, Dominique and Wantzen, Prany and Zalla, Tiziana and Lemaire, St{\'e}phane and Dokic, J{\'e}r{\^o}me and Pelletier, J{\'e}r{\^o}me and Piolino, Pascale},
  journal   = {Acta psychologica},
  volume    = {165},
  pages     = {53--59},
  year      = {2016},
  publisher = {Elsevier}
}

@article{de2015jspsych,
  title     = {jsPsych: A JavaScript library for creating behavioral experiments in a Web browser},
  author    = {De Leeuw, Joshua R},
  journal   = {Behavior research methods},
  volume    = {47},
  number    = {1},
  pages     = {1--12},
  year      = {2015},
  publisher = {Springer}
}

@article{makowski2019indices,
  title     = {Indices of effect existence and significance in the Bayesian framework},
  author    = {Makowski, Dominique and Ben-Shachar, Mattan S and Chen, SH Annabel and L{\"u}decke, Daniel},
  journal   = {Frontiers in psychology},
  volume    = {10},
  pages     = {2767},
  year      = {2019},
  publisher = {Frontiers Media SA}
}

@techreport{tucciarelli2020,
  title  = {On the realness of people who do not exist: the social processing of artificial faces},
  author = {Tucciarelli, Raffaele and Vehar, Neza and Tsakiris, Manos},
  year   = {2020},
  month  = {10},
  date   = {2020-10-06},
  doi    = {10.31234/osf.io/dnk9x},
  url    = {https://osf.io/dnk9x},
  note   = {DOI: 10.31234/osf.io/dnk9x},
  langid = {en}
}

@article{nightingale2022,
  title   = {AI-synthesized faces are indistinguishable from real faces and more trustworthy},
  author  = {Nightingale, Sophie J. and Farid, Hany},
  year    = {2022},
  month   = {02},
  date    = {2022-02-22},
  journal = {Proceedings of the National Academy of Sciences},
  pages   = {e2120481119},
  volume  = {119},
  number  = {8},
  doi     = {10.1073/pnas.2120481119},
  url     = {https://www.pnas.org/doi/full/10.1073/pnas.2120481119},
  note    = {Publisher: Proceedings of the National Academy of Sciences}
}

@article{farid2012,
  title   = {Perceptual discrimination of computer generated and photographic faces},
  author  = {Farid, Hany and Bravo, Mary J.},
  year    = {2012},
  month   = {02},
  date    = {2012-02-01},
  journal = {Digital Investigation},
  pages   = {226--235},
  volume  = {8},
  number  = {3},
  doi     = {10.1016/j.diin.2011.06.003},
  url     = {https://www.sciencedirect.com/science/article/pii/S174228761100051X},
  langid  = {en}
}

@article{moshel2022,
  title   = {Are you for real? Decoding realistic AI-generated faces from neural activity},
  author  = {Moshel, Michoel L. and Robinson, Amanda K. and Carlson, Thomas A. and Grootswagers, Tijl},
  year    = {2022},
  month   = {10},
  date    = {2022-10-01},
  journal = {Vision Research},
  pages   = {108079},
  volume  = {199},
  doi     = {10.1016/j.visres.2022.108079},
  url     = {https://www.sciencedirect.com/science/article/pii/S0042698922000852},
  langid  = {en}
}

@article{wheatley2011,
  title   = {Mind Perception: Real but Not Artificial Faces Sustain Neural Activity beyond the N170/VPP},
  author  = {Wheatley, Thalia and Weinberg, Anna and Looser, Christine and Moran, Tim and Hajcak, Greg},
  year    = {2011},
  month   = {03},
  date    = {2011-03-31},
  journal = {PLOS ONE},
  pages   = {e17960},
  volume  = {6},
  number  = {3},
  doi     = {10.1371/journal.pone.0017960},
  url     = {https://journals.plos.org/plosone/article?id=10.1371/journal.pone.0017960},
  note    = {Publisher: Public Library of Science},
  langid  = {en}
}

@inbook{pantserev2020,
  title  = {The Malicious Use of AI-Based Deepfake Technology as the New Threat to Psychological Security and Political Stability},
  author = {Pantserev, Konstantin},
  year   = {2020},
  month  = {04},
  date   = {2020-04-07},
  pages  = {37--55},
  doi    = {10.1007/978-3-030-35746-7_3},
  note   = {DOI: 10.1007/978-3-030-35746-7{\_}3}
}

@article{balas2017,
  title   = {Trustworthiness perception is disrupted in artificial faces},
  author  = {Balas, Benjamin and Pacella, Jon},
  year    = {2017},
  month   = {08},
  date    = {2017-08-01},
  journal = {Computers in Human Behavior},
  volume  = {77},
  doi     = {10.1016/j.chb.2017.08.045}
}

@article{young2018,
  title   = {Are we Face Experts},
  author  = {Young, Andrew W. and Burton, A. Mike},
  year    = {2018},
  date    = {2018},
  journal = {Trends in Cognitive Science},
  pages   = {100--110},
  volume  = {22},
  number  = {2},
  doi     = {https://doi.org/10.1016/j.tics.2017.11.007},
  langid  = {English}
}

@article{holmes2016,
  title   = {Assessing and Improving the Identification of Computer-Generated Portraits},
  author  = {Holmes, Olivia and Banks, Martin S. and Farid, Hany},
  year    = {2016},
  month   = {03},
  date    = {2016-03-03},
  journal = {ACM Transactions on Applied Perception},
  pages   = {1--12},
  volume  = {13},
  number  = {2},
  doi     = {10.1145/2871714},
  url     = {https://dl.acm.org/doi/10.1145/2871714},
  langid  = {en}
}

@article{calbi2017,
  title   = {How Context Influences Our Perception of Emotional Faces: A Behavioral Study on the Kuleshov Effect},
  author  = {Calbi, Marta and Heimann, Katrin and Barratt, Daniel and Siri, Francesca and {Umiltà}, Maria A. and Gallese, Vittorio},
  year    = {2017},
  date    = {2017},
  journal = {Frontiers in Psychology},
  volume  = {8},
  url     = {https://www.frontiersin.org/articles/10.3389/fpsyg.2017.01684}
}

@article{calder2011personality,
  title     = {Personality influences the neural responses to viewing facial expressions of emotion},
  author    = {Calder, Andrew J and Ewbank, Michael and Passamonti, Luca},
  journal   = {Philosophical Transactions of the Royal Society B: Biological Sciences},
  volume    = {366},
  number    = {1571},
  pages     = {1684--1701},
  year      = {2011},
  publisher = {The Royal Society}
}

@article{lewandowsky2017beyond,
  title     = {Beyond misinformation: Understanding and coping with the “post-truth” era},
  author    = {Lewandowsky, Stephan and Ecker, Ullrich KH and Cook, John},
  journal   = {Journal of applied research in memory and cognition},
  volume    = {6},
  number    = {4},
  pages     = {353--369},
  year      = {2017},
  publisher = {Elsevier}
}

@phdthesis{makowski2018cognitive,
  title  = {Cognitive neuropsychology of implicit emotion regulation through fictional reappraisal},
  author = {Makowski, Dominique},
  year   = {2018},
  school = {Sorbonne Paris Cit{\'e}}
}

@article{makowski2019phenomenal,
  title     = {Phenomenal, bodily and brain correlates of fictional reappraisal as an implicit emotion regulation strategy},
  author    = {Makowski, Dominique and Sperduti, Marco and Pelletier, J{\'e}r{\^o}me and Blond{\'e}, Phillippe and La Corte, Valentina and Arcangeli, Margherita and Zalla, Tiziana and Lemaire, St{\'e}phane and Dokic, J{\'e}r{\^o}me and Nicolas, Serge and others},
  journal   = {Cognitive, Affective, \& Behavioral Neuroscience},
  volume    = {19},
  number    = {4},
  pages     = {877--897},
  year      = {2019},
  publisher = {Springer}
}

@article{makowski2017being,
  title     = {“Being there” and remembering it: Presence improves memory encoding},
  author    = {Makowski, Dominique and Sperduti, Marco and Nicolas, Serge and Piolino, Pascale},
  journal   = {Consciousness and cognition},
  volume    = {53},
  pages     = {194--202},
  year      = {2017},
  publisher = {Elsevier}
}

@article{michael2021source,
  title     = {Source Information Affects Interpretations of the News across Multiple Age Groups in the United States},
  author    = {Michael, Robert B and Sanson, Mevagh},
  journal   = {Societies},
  volume    = {11},
  number    = {4},
  pages     = {119},
  year      = {2021},
  publisher = {MDPI}
}

@incollection{petty1986elaboration,
  title     = {The elaboration likelihood model of persuasion},
  author    = {Petty, Richard E and Cacioppo, John T},
  booktitle = {Communication and persuasion},
  pages     = {1--24},
  year      = {1986},
  publisher = {Springer}
}

@article{susmann2021persuasion,
  title     = {Persuasion amidst a pandemic: Insights from the Elaboration Likelihood Model},
  author    = {Susmann, Mark W and Xu, Mengran and Clark, Jason K and Wallace, Laura E and Blankenship, Kevin L and Philipp-Muller, Aviva Z and Luttrell, Andrew and Wegener, Duane T and Petty, Richard E},
  journal   = {European Review of Social Psychology},
  pages     = {1--37},
  year      = {2021},
  publisher = {Taylor \& Francis}
}

@article{bryanov2021determinants,
  title     = {Determinants of individuals' belief in fake news: A scoping review determinants of belief in fake news},
  author    = {Bryanov, Kirill and Vziatysheva, Victoria},
  journal   = {PLoS one},
  volume    = {16},
  number    = {6},
  pages     = {e0253717},
  year      = {2021},
  publisher = {Public Library of Science San Francisco, CA USA}
}

@article{ecker2022psychological,
  title     = {The psychological drivers of misinformation belief and its resistance to correction},
  author    = {Ecker, Ullrich KH and Lewandowsky, Stephan and Cook, John and Schmid, Philipp and Fazio, Lisa K and Brashier, Nadia and Kendeou, Panayiota and Vraga, Emily K and Amazeen, Michelle A},
  journal   = {Nature Reviews Psychology},
  volume    = {1},
  number    = {1},
  pages     = {13--29},
  year      = {2022},
  publisher = {Nature Publishing Group}
}

@article{sindermann2020short,
  title     = {A short review on susceptibility to falling for fake political news},
  author    = {Sindermann, Cornelia and Cooper, Andrew and Montag, Christian},
  journal   = {Current Opinion in Psychology},
  volume    = {36},
  pages     = {44--48},
  year      = {2020},
  publisher = {Elsevier}
}

@article{pehlivanoglu2021role,
  title     = {The role of analytical reasoning and source credibility on the evaluation of real and fake full-length news articles},
  author    = {Pehlivanoglu, Didem and Lin, Tian and Deceus, Farha and Heemskerk, Amber and Ebner, Natalie C and Cahill, Brian S},
  journal   = {Cognitive research: principles and implications},
  volume    = {6},
  number    = {1},
  pages     = {1--12},
  year      = {2021},
  publisher = {SpringerOpen}
}

@article{britt2019reasoned,
  title     = {A reasoned approach to dealing with fake news},
  author    = {Britt, M Anne and Rouet, Jean-Fran{\c{c}}ois and Blaum, Dylan and Millis, Keith},
  journal   = {Policy Insights from the Behavioral and Brain Sciences},
  volume    = {6},
  number    = {1},
  pages     = {94--101},
  year      = {2019},
  publisher = {Sage Publications Sage CA: Los Angeles, CA}
}

@article{pennycook2019lazy,
  title     = {Lazy, not biased: Susceptibility to partisan fake news is better explained by lack of reasoning than by motivated reasoning},
  author    = {Pennycook, Gordon and Rand, David G},
  journal   = {Cognition},
  volume    = {188},
  pages     = {39--50},
  year      = {2019},
  publisher = {Elsevier}
}

@article{piksa2022cognitive,
  title     = {Cognitive processes and personality traits underlying four phenotypes of susceptibility to (mis) information},
  author    = {Piksa, Michal and Noworyta, Karolina and Piasecki, Jan and Gwiazdzinski, Pawel and Gundersen, Aleksander B and Kunst, Jonas and Rygula, Rafal},
  journal   = {Frontiers in psychiatry},
  pages     = {1142},
  year      = {2022},
  publisher = {Frontiers}
}

@article{martel2020reliance,
  title     = {Reliance on emotion promotes belief in fake news},
  author    = {Martel, Cameron and Pennycook, Gordon and Rand, David G},
  journal   = {Cognitive research: principles and implications},
  volume    = {5},
  number    = {1},
  pages     = {1--20},
  year      = {2020},
  publisher = {Springer}
}

@article{sanchez2005presence,
  title     = {From presence to consciousness through virtual reality},
  author    = {Sanchez-Vives, Maria V and Slater, Mel},
  journal   = {Nature Reviews Neuroscience},
  volume    = {6},
  number    = {4},
  pages     = {332--339},
  year      = {2005},
  publisher = {Nature Publishing Group}
}

@article{sperduti2017distinctive,
  title     = {The distinctive role of executive functions in implicit emotion regulation},
  author    = {Sperduti, Marco and Makowski, Dominique and Arcangeli, Margherita and Wantzen, Prany and Zalla, Tiziana and Lemaire, St{\'e}phane and Dokic, Jerome and Pelletier, J{\'e}r{\^o}me and Piolino, Pascale},
  journal   = {Acta Psychologica},
  volume    = {173},
  pages     = {13--20},
  year      = {2017},
  publisher = {Elsevier}
}

@article{goldstein2009pleasure,
  title     = {The pleasure of unadulterated sadness: Experiencing sorrow in fiction, nonfiction, and" in person."},
  author    = {Goldstein, Thalia R},
  journal   = {Psychology of Aesthetics, Creativity, and the Arts},
  volume    = {3},
  number    = {4},
  pages     = {232},
  year      = {2009},
  publisher = {Educational Publishing Foundation}
}

@article{begg1992dissociation,
  title     = {Dissociation of processes in belief: Source recollection, statement familiarity, and the illusion of truth.},
  author    = {Begg, Ian Maynard and Anas, Ann and Farinacci, Suzanne},
  journal   = {Journal of Experimental Psychology: General},
  volume    = {121},
  number    = {4},
  pages     = {446},
  year      = {1992},
  publisher = {American Psychological Association}
}

@incollection{mcdonnell2010face,
  title     = {Face reality: Investigating the uncanny valley for virtual faces},
  author    = {McDonnell, Rachel and Breidt, Martin},
  booktitle = {ACM SIGGRAPH ASIA 2010 Sketches},
  pages     = {1--2},
  year      = {2010}
}

@article{bago2022emotion,
  title     = {Emotion may predict susceptibility to fake news but emotion regulation does not seem to help},
  author    = {Bago, Bence and Rosenzweig, Leah R and Berinsky, Adam J and Rand, David G},
  journal   = {Cognition and Emotion},
  pages     = {1--15},
  year      = {2022},
  publisher = {Taylor \& Francis}
}

@article{dyck2008recognition,
  title     = {Recognition profile of emotions in natural and virtual faces},
  author    = {Dyck, Miriam and Winbeck, Maren and Leiberg, Susanne and Chen, Yuhan and Gur, Rurben C and Mathiak, Klaus},
  journal   = {PloS one},
  volume    = {3},
  number    = {11},
  pages     = {e3628},
  year      = {2008},
  publisher = {Public Library of Science San Francisco, USA}
}

@article{dyck2010virtual,
  title     = {Virtual faces as a tool to study emotion recognition deficits in schizophrenia},
  author    = {Dyck, Miriam and Winbeck, Maren and Leiberg, Susanne and Chen, Yuhan and Mathiak, Klaus},
  journal   = {Psychiatry research},
  volume    = {179},
  number    = {3},
  pages     = {247--252},
  year      = {2010},
  publisher = {Elsevier}
}

@article{liefooghe2022faces,
  title     = {Faces Merely Labelled as Artificial are Trusted Less},
  author    = {Liefooghe, Baptist and Oliveira, Manuel and Leisten, Luca Marie and Hoogers, Eline and Aarts, Henk and Hortensius, Ruud},
  year      = {2022},
  publisher = {PsyArXiv}
}

@article{tsikandilakis2019beauty,
  title     = {Beauty is in the eye of the beholder: The appraisal of facial attractiveness and its relation to conscious awareness},
  author    = {Tsikandilakis, Myron and Bali, Persefoni and Chapman, Peter},
  journal   = {Perception},
  volume    = {48},
  number    = {1},
  pages     = {72--92},
  year      = {2019},
  publisher = {Sage Publications Sage UK: London, England}
}

@article{diel2022familiarity,
  title     = {Familiarity, orientation, and realism increase face uncanniness by sensitizing to facial distortions},
  author    = {Diel, Alexander and Lewis, Michael},
  journal   = {Journal of Vision},
  volume    = {22},
  number    = {4},
  pages     = {14--14},
  year      = {2022},
  publisher = {The Association for Research in Vision and Ophthalmology}
}

@article{o2003beauty,
  title     = {Beauty in a smile: the role of medial orbitofrontal cortex in facial attractiveness},
  author    = {O'Doherty, John and Winston, Joel and Critchley, Hugo and Perrett, David and Burt, D Michael and Dolan, Raymond J},
  journal   = {Neuropsychologia},
  volume    = {41},
  number    = {2},
  pages     = {147--155},
  year      = {2003},
  publisher = {Elsevier}
}

@article{debruine2007dissociating,
  title     = {Dissociating averageness and attractiveness: attractive faces are not always average.},
  author    = {DeBruine, Lisa M and Jones, Benedict C and Unger, Layla and Little, Anthony C and Feinberg, David R},
  journal   = {Journal of Experimental Psychology: Human Perception and Performance},
  volume    = {33},
  number    = {6},
  pages     = {1420},
  year      = {2007},
  publisher = {American Psychological Association}
}

@article{fuentes2018evolutionary,
  title     = {Evolutionary Computation for Modelling Social Traits in Realistic Looking Synthetic Faces},
  author    = {Fuentes-Hurtado, Felix and Diego-Mas, Jose A and Naranjo, Valery and Alca{\~n}iz, Mariano},
  journal   = {Complexity},
  volume    = {2018},
  year      = {2018},
  publisher = {Hindawi}
}

@inproceedings{ferstl2018perceptual,
  title     = {A perceptual study on the manipulation of facial features for trait portrayal in virtual agents},
  author    = {Ferstl, Ylva and McDonnell, Rachel},
  booktitle = {Proceedings of the 18th International Conference on Intelligent Virtual Agents},
  pages     = {281--288},
  year      = {2018}
}

@inproceedings{sobieraj2014beautiful,
  title        = {What is beautiful in cyberspace? Communication with attractive avatars},
  author       = {Sobieraj, Sabrina and Kr{\"a}mer, Nicole C},
  booktitle    = {International Conference on Social Computing and Social Media},
  pages        = {125--136},
  year         = {2014},
  organization = {Springer}
}

@article{bartosik2021you,
  title     = {Are You Able to Trust Me? Analysis of the Relationships Between Personality Traits and the Assessment of Attractiveness and Trust},
  author    = {Bartosik, Bernadetta and Wojcik, Grzegorz M and Brzezicka, Aneta and Kawiak, Andrzej},
  journal   = {Frontiers in Human Neuroscience},
  volume    = {15},
  pages     = {685530},
  year      = {2021},
  publisher = {Frontiers Media SA}
}

@article{garrido2017kdef,
  title     = {KDEF-PT: valence, emotional intensity, familiarity and attractiveness ratings of angry, neutral, and happy faces},
  author    = {Garrido, Margarida V and Prada, Mar{\'\i}lia},
  journal   = {Frontiers in Psychology},
  volume    = {8},
  pages     = {2181},
  year      = {2017},
  publisher = {Frontiers Media SA}
}

@article{little2011facial,
  title     = {Facial attractiveness: evolutionary based research},
  author    = {Little, Anthony C and Jones, Benedict C and DeBruine, Lisa M},
  journal   = {Philosophical Transactions of the Royal Society B: Biological Sciences},
  volume    = {366},
  number    = {1571},
  pages     = {1638--1659},
  year      = {2011},
  publisher = {The Royal Society}
}

@article{carleton2007fearing,
  title     = {Fearing the unknown: A short version of the Intolerance of Uncertainty Scale},
  author    = {Carleton, R Nicholas and Norton, MA Peter J and Asmundson, Gordon JG},
  journal   = {Journal of anxiety disorders},
  volume    = {21},
  number    = {1},
  pages     = {105--117},
  year      = {2007},
  publisher = {Elsevier}
}

@article{chen2021broadening,
  title     = {Broadening the stimulus set: introducing the American multiracial faces database},
  author    = {Chen, Jacqueline M and Norman, Jasmine B and Nam, Yeseul},
  journal   = {Behavior Research Methods},
  volume    = {53},
  number    = {1},
  pages     = {371--389},
  year      = {2021},
  publisher = {Springer}
}

@article{freeman2021revised,
  title     = {The revised Green et al., Paranoid Thoughts Scale (R-GPTS): psychometric properties, severity ranges, and clinical cut-offs},
  author    = {Freeman, Daniel and Loe, Bao S and Kingdon, David and Startup, Helen and Molodynski, Andrew and Rosebrock, Laina and Brown, Poppy and Sheaves, Bryony and Waite, Felicity and Bird, Jessica C},
  journal   = {Psychological Medicine},
  volume    = {51},
  number    = {2},
  pages     = {244--253},
  year      = {2021},
  publisher = {Cambridge University Press}
}

@article{jauk2022validation,
  title     = {Validation of the German Five-Factor Narcissism Inventory and construction of a brief form using Ant Colony Optimization},
  author    = {Jauk, Emanuel and Olaru, Gabriel and Sch{\"u}rch, Eva and Back, Mitja D and Morf, Carolyn C},
  journal   = {Assessment},
  pages     = {10731911221075761},
  year      = {2022},
  publisher = {SAGE Publications Sage CA: Los Angeles, CA}
}

@article{peters2012development,
  title     = {Development of a short form Social Interaction Anxiety (SIAS) and Social Phobia Scale (SPS) using nonparametric item response theory: the SIAS-6 and the SPS-6.},
  author    = {Peters, Lorna and Sunderland, Matthew and Andrews, Gavin and Rapee, Ronald M and Mattick, Richard P},
  journal   = {Psychological assessment},
  volume    = {24},
  number    = {1},
  pages     = {66},
  year      = {2012},
  publisher = {American Psychological Association}
}

@article{schepman2020initial,
  title     = {Initial validation of the general attitudes towards Artificial Intelligence Scale},
  author    = {Schepman, Astrid and Rodway, Paul},
  journal   = {Computers in human behavior reports},
  volume    = {1},
  pages     = {100014},
  year      = {2020},
  publisher = {Elsevier}
}

@article{sibley2011,
  title   = {The Mini-IPIP6: Validation and extension of a short measure of the Big-Six factors of personality in New Zealand},
  author  = {Sibley, Chris and Luyten, N. and Wolfman, Missy and Mobberley, A. and Wootton, L.W. and Hammond, Matthew and Sengupta, Nikhil and Perry, Ryan and West-Newman, Tim and Wilson, Marc and McLellan, L. and Hoverd, W.J. and Robertson, A.},
  year    = {2011},
  month   = {01},
  date    = {2011-01-01},
  journal = {New Zealand Journal of Psychology},
  pages   = {142--159},
  volume  = {40}
}

@article{deleeuw2014,
  title   = {jsPsych: A JavaScript library for creating behavioral experiments in a Web browser},
  author  = {de Leeuw, Joshua R.},
  year    = {2014},
  month   = {03},
  date    = {2014-03-28},
  journal = {Behavior Research Methods},
  pages   = {1--12},
  volume  = {47},
  number  = {1},
  doi     = {10.3758/s13428-014-0458-y},
  url     = {http://dx.doi.org/10.3758/s13428-014-0458-y},
  langid  = {en}
}

@article{wickham2019,
  title   = {Welcome to the {tidyverse}},
  author  = {Hadley Wickham and Mara Averick and Jennifer Bryan and Winston Chang and Lucy D'Agostino McGowan and Romain François and Garrett Grolemund and Alex Hayes and Lionel Henry and Jim Hester and Max Kuhn and Thomas Lin Pedersen and Evan Miller and Stephan Milton Bache and Kirill Müller and Jeroen Ooms and David Robinson and Dana Paige Seidel and Vitalie Spinu and Kohske Takahashi and Davis Vaughan and Claus Wilke and Kara Woo and Hiroaki Yutani},
  year    = {2019},
  journal = {Journal of Open Source Software},
  volume  = {4},
  number  = {43},
  pages   = {1686},
  doi     = {10.21105/joss.01686}
}

@software{easystatsPackage,
  title      = {{{easystats}}: Streamline
                Model Interpretation, Visualization, and Reporting},
  shorttitle = {{{easystats}}},
  author     = {L\"udecke, Daniel
                and Makowski, Dominique and Ben-Shachar, Mattan S. and
                Patil, Indrajeet and Wiernik, Brenton M.},
  date       = {2022-03-27T22:06:06Z},
  origdate   = {2019-01-28T10:39:29Z},
  url        = {https://github.com/easystats/easystats},
  urldate    = {2022-03-28},
  version    = {0.5.2}
}


@article{peer2022,
  title   = {Data quality of platforms and panels for online behavioral research},
  author  = {Peer, Eyal and Rothschild, David and Gordon, Andrew and Evernden, Zak and Damer, Ekaterina},
  year    = {2022},
  month   = {08},
  date    = {2022-08-01},
  journal = {Behavior Research Methods},
  pages   = {1643--1662},
  volume  = {54},
  number  = {4},
  doi     = {10.3758/s13428-021-01694-3},
  url     = {https://doi.org/10.3758/s13428-021-01694-3},
  langid  = {en}
}

@article{bayestestRArticle,
  title        = {{{bayestestR}}: Describing Effects and Their Uncertainty, Existence and
                  Significance within the {{Bayesian}} Framework},
  shorttitle   = {{{bayestestR}}},
  author       = {Makowski,
                  Dominique and Ben-Shachar, Mattan and L\"udecke, Daniel},
  date         = {2019-08-13},
  journaltitle = {Journal
                  of Open Source Software},
  shortjournal = {JOSS},
  volume       = {4},
  number       = {40},
  pages        = {1541},
  issn         = {2475-9066},
  doi          = {10.21105/joss.01541},
  url          = {https://joss.theoj.org/papers/10.21105/joss.01541},
  urldate      = {2022-03-23}
}

@article{correlationArticle,
  title        = {Methods and Algorithms for Correlation Analysis in {{R}}},
  author       = {Makowski, Dominique and Ben-Shachar, Mattan and Patil, Indrajeet and L\"udecke, Daniel},
  date         = {2020-07-16},
  journaltitle = {Journal of Open Source Software},
  shortjournal = {JOSS},
  volume       = {5},
  number       = {51},
  pages        = {2306},
  issn         = {2475-9066},
  doi          = {10.21105/joss.02306},
  url          = {https://joss.theoj.org/papers/10.21105/joss.02306},
  urldate      = {2022-03-23}
}

@article{parametersArticle,
  title        = {Extracting, Computing and Exploring the Parameters of Statistical
                  Models Using {{R}}},
  author       = {L\"udecke, Daniel and Ben-Shachar, Mattan and Patil, Indrajeet and
                  Makowski, Dominique},
  date         = {2020-09-09},
  journaltitle = {Journal of Open Source Software},
  shortjournal = {JOSS},
  volume       = {5},
  number       = {53},
  pages        = {2445},
  issn         = {2475-9066},
  doi          = {10.21105/joss.02445},
  url          = {https://joss.theoj.org/papers/10.21105/joss.02445},
  urldate      = {2021-06-30}
}

@article{performanceArticle,
  title        = {{{performance}}: An {{R}} Package for Assessment, Comparison and
                  Testing of Statistical Models},
  shorttitle   = {{{performance}}},
  author       = {L\"udecke, Daniel and
                  Ben-Shachar, Mattan and Patil, Indrajeet and Waggoner, Philip and Makowski, Dominique},
  date         = {2021-04-21},
  journaltitle = {Journal of Open Source Software},
  shortjournal = {JOSS},
  volume       = {6},
  number       = {60},
  pages        = {3139},
  issn         = {2475-9066},
  doi          = {10.21105/joss.03139},
  url          = {https://joss.theoj.org/papers/10.21105/joss.03139},
  urldate      = {2022-03-23}
}

@article{insightArticle,
  title        = {Insight: A Unified Interface to Access Information from Model Objects in
                  {{R}}},
  shorttitle   = {Insight},
  author       = {L\"udecke, Daniel and Waggoner, Philip and Makowski,
                  Dominique},
  date         = {2019-06-25},
  journaltitle = {Journal of Open Source Software},
  shortjournal = {JOSS},
  volume       = {4},
  number       = {38},
  pages        = {1412},
  issn         = {2475-9066},
  doi          = {10.21105/joss.01412},
  url          = {http://joss.theoj.org/papers/10.21105/joss.01412},
  urldate      = {2022-03-23}
}

@article{berghel2018weaponizing,
  title   = {Weaponizing Twitter Litter: Abuse-Forming Networks and Social Media.},
  author  = {Berghel, Hal},
  journal = {Computer},
  volume  = {51},
  number  = {4},
  pages   = {70--73},
  year    = {2018}
}

@article{chen2015news,
  title     = {News in an online world: The need for an “automatic crap detector”},
  author    = {Chen, Yimin and Conroy, Nadia K and Rubin, Victoria L},
  journal   = {Proceedings of the Association for Information Science and Technology},
  volume    = {52},
  number    = {1},
  pages     = {1--4},
  year      = {2015},
  publisher = {Wiley Online Library}
}

@article{fink2006facial,
  title     = {Facial symmetry and judgements of attractiveness, health and personality},
  author    = {Fink, Bernhard and Neave, Nick and Manning, John T and Grammer, Karl},
  journal   = {Personality and Individual differences},
  volume    = {41},
  number    = {3},
  pages     = {491--499},
  year      = {2006},
  publisher = {Elsevier}
}

@article{qi2022gender,
  title     = {Gender Biases in the Accuracy of Facial Judgments: Facial Attractiveness and Perceived Socioeconomic Status},
  author    = {Qi, Yue and Ying, Jia},
  journal   = {Frontiers in Psychology},
  volume    = {13},
  year      = {2022},
  publisher = {Frontiers Media SA}
}

@mastersthesis{hoogers2021effect,
  title  = {The effect of attitude towards computer generated faces on face perception},
  author = {Hoogers, E},
  type   = {{B.S.} thesis},
  year   = {2021}
}

@article{van2020sex,
  title     = {Sex differences in trust and trustworthiness: A meta-analysis of the trust game and the gift-exchange game},
  author    = {Van Den Akker, Olmo R and van Assen, Marcel ALM and Van Vugt, Mark and Wicherts, Jelte M},
  journal   = {Journal of Economic Psychology},
  volume    = {81},
  pages     = {102329},
  year      = {2020},
  publisher = {Elsevier}
}

@article{hou2019survival,
  title     = {The survival processing advantage of face: The memorization of the (un) trustworthy face contributes more to survival adaptation},
  author    = {Hou, Chunna and Liu, Zhijun},
  journal   = {Evolutionary Psychology},
  volume    = {17},
  number    = {2},
  pages     = {1474704919839726},
  year      = {2019},
  publisher = {Sage Publications Sage CA: Los Angeles, CA}
}

@article{gobbini2013prioritized,
  title     = {Prioritized detection of personally familiar faces},
  author    = {Gobbini, Maria Ida and Gors, Jason D and Halchenko, Yaroslav O and Rogers, Courtney and Guntupalli, J Swaroop and Hughes, Howard and Cipolli, Carlo},
  journal   = {PloS one},
  volume    = {8},
  number    = {6},
  pages     = {e66620},
  year      = {2013},
  publisher = {Public Library of Science San Francisco, USA}
}

@incollection{freis2018distinctiveness,
  title     = {The distinctiveness model of the narcissistic subtypes (DMNS): What binds and differentiates grandiose and vulnerable narcissism},
  author    = {Freis, Stephanie D},
  booktitle = {Handbook of Trait Narcissism},
  pages     = {37--46},
  year      = {2018},
  publisher = {Springer}
}

@article{raskin1988principal,
  title     = {A principal-components analysis of the Narcissistic Personality Inventory and further evidence of its construct validity.},
  author    = {Raskin, Robert and Terry, Howard},
  journal   = {Journal of personality and social psychology},
  volume    = {54},
  number    = {5},
  pages     = {890},
  year      = {1988},
  publisher = {American Psychological Association}
}

@article{sedikides2004normal,
  title     = {Are normal narcissists psychologically healthy?: self-esteem matters.},
  author    = {Sedikides, Constantine and Rudich, Eric A and Gregg, Aiden P and Kumashiro, Madoka and Rusbult, Caryl},
  journal   = {Journal of personality and social psychology},
  volume    = {87},
  number    = {3},
  pages     = {400},
  year      = {2004},
  publisher = {American Psychological Association}
}

@article{pincus2011narcissistic,
  title     = {Narcissistic grandiosity and narcissistic vulnerability},
  author    = {Pincus, Aaron L and Roche, Michael J},
  journal   = {The handbook of narcissism and narcissistic personality disorder: Theoretical approaches, empirical findings, and treatments},
  pages     = {31--40},
  year      = {2011},
  publisher = {Wiley Online Library}
}

@article{campbell2004narcissism,
  title     = {Narcissism, confidence, and risk attitude},
  author    = {Campbell, W Keith and Goodie, Adam S and Foster, Joshua D},
  journal   = {Journal of behavioral decision making},
  volume    = {17},
  number    = {4},
  pages     = {297--311},
  year      = {2004},
  publisher = {Wiley Online Library}
}

@article{o2021grandiose,
  title     = {Grandiose narcissists and decision making: Impulsive, overconfident, and skeptical of experts--but seldom in doubt},
  author    = {O'Reilly, Charles A and Hall, Nicholas},
  journal   = {Personality and Individual Differences},
  volume    = {168},
  pages     = {110280},
  year      = {2021},
  publisher = {Elsevier}
}

@article{chatterjee2017master,
  title     = {Master of puppets: How narcissistic CEOs construct their professional worlds},
  author    = {Chatterjee, Arijit and Pollock, Timothy G},
  journal   = {Academy of Management Review},
  volume    = {42},
  number    = {4},
  pages     = {703--725},
  year      = {2017},
  publisher = {Academy of Management Briarcliff Manor, NY}
}

@article{brunell2017narcissism,
  title     = {Narcissism and performance on behavioral decision-making tasks},
  author    = {Brunell, Amy B and Buelow, Melissa T},
  journal   = {Journal of Behavioral Decision Making},
  volume    = {30},
  number    = {1},
  pages     = {3--14},
  year      = {2017},
  publisher = {Wiley Online Library}
}

@article{levidi2022understanding,
  title     = {Understanding criminal decision-making: links between honesty-humility, perceived risk and negative affect: Psychology, Crime \& Law},
  author    = {Levidi, Myrto Dafni Chatzimike and McGrath, Andrew and Kyriakoulis, Peter and Sulikowski, Danielle},
  journal   = {Psychology, Crime and Law},
  pages     = {1--29},
  year      = {2022},
  publisher = {Routledge}
}

@article{weller2012honest,
  title     = {Do honest people take fewer risks? Personality correlates of risk-taking to achieve gains and avoid losses in HEXACO space},
  author    = {Weller, Joshua A and Thulin, Erik W},
  journal   = {Personality and individual differences},
  volume    = {53},
  number    = {7},
  pages     = {923--926},
  year      = {2012},
  publisher = {Elsevier}
}

@article{hodson2018dark,
  title     = {Is the dark triad common factor distinct from low honesty-humility?},
  author    = {Hodson, Gordon and Book, Angela and Visser, Beth A and Volk, Anthony A and Ashton, Michael C and Lee, Kibeom},
  journal   = {Journal of Research in Personality},
  volume    = {73},
  pages     = {123--129},
  year      = {2018},
  publisher = {Elsevier}
}

@article{said2022artificial,
  title     = {An Artificial Intelligence Perspective: How Knowledge and Confidence Shape Risk and Opportunity Perception},
  author    = {Said, Nadia and Potinteu, Andreea-Elena and Brich, Irina and Buder, J{\"u}rgen and Schumm, Hanna and Huff, Markus},
  year      = {2022},
  publisher = {PsyArXiv}
}

@article{lou2015perceptual,
  title     = {Perceptual salience and reward both influence feedback-related neural activity arising from choice},
  author    = {Lou, Bin and Hsu, Wha-Yin and Sajda, Paul},
  journal   = {Journal of Neuroscience},
  volume    = {35},
  number    = {38},
  pages     = {13064--13075},
  year      = {2015},
  publisher = {Soc Neuroscience}
}

@article{indovina2007dissociation,
  title     = {Dissociation of stimulus relevance and saliency factors during shifts of visuospatial attention},
  author    = {Indovina, Iole and Macaluso, Emiliano},
  journal   = {Cerebral Cortex},
  volume    = {17},
  number    = {7},
  pages     = {1701--1711},
  year      = {2007},
  publisher = {Oxford University Press}
}

@article{rhodes2006evolutionary,
  title     = {The evolutionary psychology of facial beauty},
  author    = {Rhodes, Gillian and others},
  journal   = {Annual review of psychology},
  volume    = {57},
  pages     = {199},
  year      = {2006},
  publisher = {ANNUAL REVIEWS INC}
}

@article{han2018beauty,
  title   = {Beauty is in the eye of the beholder: The halo effect and generalization effect in the facial attractiveness evaluation},
  author  = {Han, Shangfeng and Li, Yue and Liu, Shen and Xu, Qiang and Tan, Qun and Zhang, Lin},
  journal = {Acta Psychologica Sinica},
  volume  = {50},
  number  = {4},
  pages   = {363},
  year    = {2018}
}

@article{hou2019survival,
  title     = {The survival processing advantage of face: The memorization of the (un) trustworthy face contributes more to survival adaptation},
  author    = {Hou, Chunna and Liu, Zhijun},
  journal   = {Evolutionary Psychology},
  volume    = {17},
  number    = {2},
  pages     = {1474704919839726},
  year      = {2019},
  publisher = {Sage Publications Sage CA: Los Angeles, CA}
}

@article{taylor2009neural,
  title     = {Neural correlates of personally familiar faces: parents, partner and own faces},
  author    = {Taylor, Margot J and Arsalidou, Marie and Bayless, Sarah J and Morris, Drew and Evans, Jennifer W and Barbeau, Emmanuel J},
  journal   = {Human brain mapping},
  volume    = {30},
  number    = {7},
  pages     = {2008--2020},
  year      = {2009},
  publisher = {Wiley Online Library}
}

@article{abraham2009reality,
  title     = {Reality= relevance? Insights from spontaneous modulations of the brain's default network when telling apart reality from fiction},
  author    = {Abraham, Anna and Von Cramon, D Yves},
  journal   = {PloS one},
  volume    = {4},
  number    = {3},
  pages     = {e4741},
  year      = {2009},
  publisher = {Public Library of Science San Francisco, USA}
}

@article{wiese2021familiarity,
  title     = {Familiarity is familiarity is familiarity: Event-related brain potentials reveal qualitatively similar representations of personally familiar and famous faces.},
  author    = {Wiese, Holger and Hobden, Georgina and Siilbek, Eike and Martignac, Victoire and Flack, Tessa R and Ritchie, Kay L and Young, Andrew W and Burton, A Mike},
  journal   = {Journal of Experimental Psychology: Learning, Memory, and Cognition},
  year      = {2021},
  publisher = {American Psychological Association}
}

@article{spielmann2020predictive,
  title     = {The predictive effects of fear of being single on physical attractiveness and less selective partner selection strategies},
  author    = {Spielmann, Stephanie S and Maxwell, Jessica A and MacDonald, Geoff and Peragine, Diana and Impett, Emily A},
  journal   = {Journal of Social and Personal Relationships},
  volume    = {37},
  number    = {1},
  pages     = {100--123},
  year      = {2020},
  publisher = {SAGE Publications Sage UK: London, England}
}

@article{marcinkowska2021self,
  title     = {Self-rated attractiveness predicts preferences for sexually dimorphic facial characteristics in a culturally diverse sample},
  author    = {Marcinkowska, Urszula M and Jones, Benedict C and Lee, Anthony J},
  journal   = {Scientific Reports},
  volume    = {11},
  number    = {1},
  pages     = {1--8},
  year      = {2021},
  publisher = {Nature Publishing Group}
}

@article{buunk2002age,
  title     = {Age and gender differences in mate selection criteria for various involvement levels},
  author    = {Buunk, Bram P and Dijkstra, Pieternel and Fetchenhauer, Detlef and Kenrick, Douglas T},
  journal   = {Personal relationships},
  volume    = {9},
  number    = {3},
  pages     = {271--278},
  year      = {2002},
  publisher = {Wiley Online Library}
}

@article{skora2022functional,
  title     = {The functional role of cardiac activity in perception and action},
  author    = {Skora, LI and Livermore, JJA and Roelofs, K},
  journal   = {Neuroscience \& Biobehavioral Reviews},
  pages     = {104655},
  year      = {2022},
  publisher = {Elsevier}
}

@article{hofmann2012executive,
  title     = {Executive functions and self-regulation},
  author    = {Hofmann, Wilhelm and Schmeichel, Brandon J and Baddeley, Alan D},
  journal   = {Trends in cognitive sciences},
  volume    = {16},
  number    = {3},
  pages     = {174--180},
  year      = {2012},
  publisher = {Elsevier}
}

@article{schmeichel2010working,
  title     = {Working memory capacity and spontaneous emotion regulation: high capacity predicts self-enhancement in response to negative feedback.},
  author    = {Schmeichel, Brandon J and Demaree, Heath A},
  journal   = {Emotion},
  volume    = {10},
  number    = {5},
  pages     = {739},
  year      = {2010},
  publisher = {American Psychological Association}
}

@article{kolassa2006psychophysiological,
  title     = {Psychophysiological correlates of face processing in social phobia},
  author    = {Kolassa, Iris-Tatjana and Miltner, Wolfgang HR},
  journal   = {Brain research},
  volume    = {1118},
  number    = {1},
  pages     = {130--141},
  year      = {2006},
  publisher = {Elsevier}
}

@article{ran2017impact,
  title     = {The impact of top-down prediction on emotional face processing in social anxiety},
  author    = {Ran, Guangming and Chen, Xu},
  journal   = {Frontiers in psychology},
  volume    = {8},
  pages     = {1269},
  year      = {2017},
  publisher = {Frontiers Media SA}
}

@article{yoon2008interpreting,
  title     = {Interpreting neutral faces as threatening is a default mode for socially anxious individuals.},
  author    = {Yoon, K Lira and Zinbarg, Richard E},
  journal   = {Journal of abnormal psychology},
  volume    = {117},
  number    = {3},
  pages     = {680},
  year      = {2008},
  publisher = {American Psychological Association}
}

@article{staugaard2010threatening,
  title     = {Threatening faces and social anxiety: a literature review},
  author    = {Staugaard, S{\o}ren Risl{\o}v},
  journal   = {Clinical psychology review},
  volume    = {30},
  number    = {6},
  pages     = {669--690},
  year      = {2010},
  publisher = {Elsevier}
}

@article{peschard2017overestimation,
  title     = {Overestimation of threat from neutral faces and voices in social anxiety},
  author    = {Peschard, Virginie and Philippot, Pierre},
  journal   = {Journal of Behavior Therapy and Experimental Psychiatry},
  volume    = {57},
  pages     = {206--211},
  year      = {2017},
  publisher = {Elsevier}
}

@article{hart2021revisiting,
  title     = {Revisiting the interactive effect of narcissism and self-esteem on responses to ego threat: Distinguishing between assertiveness and intent to harm},
  author    = {Hart, William and Richardson, Kyle and Tortoriello, Gregory K},
  journal   = {Journal of interpersonal violence},
  volume    = {36},
  number    = {7-8},
  pages     = {3662--3687},
  year      = {2021},
  publisher = {Sage Publications Sage CA: Los Angeles, CA}
}

@article{kaplan2012effect,
  title  = {The Effect of Gender on Recalling Facial Features: Does Our Gender Determine Which Features Are Encoded at First Glance?},
  author = {Kaplan, Stephanie},
  year   = {2012}
}

@phdthesis{bailey2021gender,
  title  = {A gender in-group effect on facial recall},
  author = {Bailey, AR},
  year   = {2021},
  school = {University of Tasmania}
}

@article{herbst2020gender,
  title     = {Gender differences in self-perception accuracy: The confidence gap and women leaders' underrepresentation in academia},
  author    = {Herbst, Tessie HH},
  journal   = {SA Journal of Industrial Psychology},
  volume    = {46},
  number    = {1},
  pages     = {1--8},
  year      = {2020},
  publisher = {AOSIS}
}

@article{ahadzadeh2021social,
  title     = {Social media skepticism and belief in conspiracy theories about COVID-19: The moderating role of the dark triad},
  author    = {Ahadzadeh, Ashraf Sadat and Ong, Fon Sim and Wu, Shin Ling},
  journal   = {Current Psychology},
  pages     = {1--13},
  year      = {2021},
  publisher = {Springer}
}

@article{littrell2020overconfidently,
  title     = {Overconfidently underthinking: Narcissism negatively predicts cognitive reflection},
  author    = {Littrell, Shane and Fugelsang, Jonathan and Risko, Evan F},
  journal   = {Thinking \& Reasoning},
  volume    = {26},
  number    = {3},
  pages     = {352--380},
  year      = {2020},
  publisher = {Taylor \& Francis}
}

@phdthesis{carolan2017searching,
  title  = {Searching “Inaffectively”: A Behavioral, Psychometric, and Electroencephalographic Investigation of Psychopathic Personality and Visual-Spatial Attention},
  author = {Carolan, Patrick Lennon},
  year   = {2017},
  school = {Arts \& Social Sciences: Department of Psychology}
}

@article{grapsas2020and,
  title     = {The “why” and “how” of narcissism: A process model of narcissistic status pursuit},
  author    = {Grapsas, Stathis and Brummelman, Eddie and Back, Mitja D and Denissen, Jaap JA},
  journal   = {Perspectives on Psychological Science},
  volume    = {15},
  number    = {1},
  pages     = {150--172},
  year      = {2020},
  publisher = {Sage Publications Sage CA: Los Angeles, CA}
}

@article{eddy2021self,
  title     = {Self-serving social strategies: A systematic review of social cognition in narcissism},
  author    = {Eddy, Clare M},
  journal   = {Current Psychology},
  pages     = {1--19},
  year      = {2021},
  publisher = {Springer}
}

@article{de2019facial,
  title     = {Facial emotion recognition and social-cognitive correlates of narcissistic features},
  author    = {De Panfilis, Chiara and Antonucci, Camilla and Meehan, Kevin B and Cain, Nicole M and Soliani, Antonio and Marchesi, Carlo and Clarkin, John F and Sambataro, Fabio},
  journal   = {Journal of personality disorders},
  volume    = {33},
  number    = {4},
  pages     = {433--449},
  year      = {2019},
  publisher = {Guilford Press}
}

@article{buck2019capturing,
  title     = {Capturing behavioral indicators of persecutory ideation using mobile technology},
  author    = {Buck, Benjamin and Hallgren, Kevin A and Scherer, Emily and Brian, Rachel and Wang, Rui and Wang, Weichen and Campbell, Andrew and Choudhury, Tanzeem and Hauser, Marta and Kane, John M and others},
  journal   = {Journal of psychiatric research},
  volume    = {116},
  pages     = {112--117},
  year      = {2019},
  publisher = {Elsevier}
}

@article{freeman2005psychology,
  title     = {The psychology of persecutory ideation II: a virtual reality experimental study},
  author    = {Freeman, Daniel and Garety, Philippa A and Bebbington, Paul and Slater, Mel and Kuipers, Elizabeth and Fowler, David and Green, Catherine and Jordan, Joel and Ray, Katarzyna and Dunn, Graham},
  journal   = {The Journal of nervous and mental disease},
  volume    = {193},
  number    = {5},
  pages     = {309--315},
  year      = {2005},
  publisher = {LWW}
}

@article{fornells2015people,
  title     = {How do people with persecutory delusions evaluate threat in a controlled social environment? A qualitative study using virtual reality},
  author    = {Fornells-Ambrojo, Miriam and Freeman, Daniel and Slater, Mel and Swapp, David and Antley, Angus and Barker, Chris},
  journal   = {Behavioural and Cognitive Psychotherapy},
  volume    = {43},
  number    = {1},
  pages     = {89--107},
  year      = {2015},
  publisher = {Cambridge University Press}
}

@article{freeman2003can,
  title     = {Can virtual reality be used to investigate persecutory ideation?},
  author    = {Freeman, Daniel and Slater, Mel and Bebbington, Paul E and Garety, Philippa A and Kuipers, Elizabeth and Fowler, David and Met, Alican and Read, Cristina M and Jordan, Joel and Vinayagamoorthy, Vinoba},
  journal   = {The Journal of nervous and mental disease},
  volume    = {191},
  number    = {8},
  pages     = {509--514},
  year      = {2003},
  publisher = {LWW}
}

@article{morrison2014moderating,
  title     = {The moderating effects of perceived intentionality: exploring the relationships between ideas of reference, paranoia and social anxiety in schizotypy},
  author    = {Morrison, Sean C and Cohen, Alex S},
  journal   = {Cognitive neuropsychiatry},
  volume    = {19},
  number    = {6},
  pages     = {527--539},
  year      = {2014},
  publisher = {Taylor \& Francis}
}

@article{counsell2017intolerance,
  title     = {Intolerance of uncertainty, social anxiety, and generalized anxiety: Differences by diagnosis and symptoms},
  author    = {Counsell, Alyssa and Furtado, Melissa and Iorio, Christina and Anand, Leena and Canzonieri, Alexandra and Fine, Alexa and Fotinos, Kathryn and Epstein, Irvin and Katzman, Martin A},
  journal   = {Psychiatry research},
  volume    = {252},
  pages     = {63--69},
  year      = {2017},
  publisher = {Elsevier}
}

@article{barnby2020paranoia,
  title     = {Paranoia, sensitization and social inference: Findings from two large-scale, multi-round behavioural experiments},
  author    = {Barnby, Joseph M and Deeley, Quinton and Robinson, O and Raihani, Nichola and Bell, Vaughan and Mehta, Mitul Ashok},
  journal   = {Royal Society open science},
  volume    = {7},
  number    = {3},
  pages     = {191525},
  year      = {2020},
  publisher = {The Royal Society}
}

@article{mishra2019gender,
  title     = {Gender differences in familiar face recognition and the influence of sociocultural gender inequality},
  author    = {Mishra, Maruti V and Likitlersuang, Jirapat and B Wilmer, Jeremy and Cohan, Sarah and Germine, Laura and DeGutis, Joseph M},
  journal   = {Scientific reports},
  volume    = {9},
  number    = {1},
  pages     = {1--12},
  year      = {2019},
  publisher = {Nature Publishing Group}
}

@article{sommer2013sex,
  title     = {Sex differences in face cognition},
  author    = {Sommer, Werner and Hildebrandt, Andrea and Kunina-Habenicht, Olga and Schacht, Annekathrin and Wilhelm, Oliver},
  journal   = {Acta psychologica},
  volume    = {142},
  number    = {1},
  pages     = {62--73},
  year      = {2013},
  publisher = {Elsevier}
}

@article{lewin2002sex,
  title     = {Sex differences in face recognition—Women’s faces make the difference},
  author    = {Lewin, Catharina and Herlitz, Agneta},
  journal   = {Brain and cognition},
  volume    = {50},
  number    = {1},
  pages     = {121--128},
  year      = {2002},
  publisher = {Elsevier}
}

@article{mata2013metacognitive,
  title     = {The metacognitive advantage of deliberative thinkers: A dual-process perspective on overconfidence.},
  author    = {Mata, Andr{\'e} and Ferreira, M{\'a}rio B and Sherman, Steven J},
  journal   = {Journal of personality and social psychology},
  volume    = {105},
  number    = {3},
  pages     = {353},
  year      = {2013},
  publisher = {American Psychological Association}
}

@article{klein2018metacognitive,
  title     = {How Metacognitive Awareness Relates to Overconfidence in Interval Judgments},
  author    = {Klein, Darci and Cunningham, Arielle and Buchanan, Erin M},
  journal   = {International Journal of Undergraduate Research and Creative Activities},
  volume    = {10},
  number    = {1},
  year      = {2018},
  publisher = {Pacific University \& Central Washington University}
}

@article{chen2016intolerance,
  title     = {Intolerance of uncertainty is associated with increased threat appraisal and negative affect under ambiguity but not uncertainty},
  author    = {Chen, Jessamine Tsan-Hsiang and Lovibond, Peter F},
  journal   = {Behavior Therapy},
  volume    = {47},
  number    = {1},
  pages     = {42--53},
  year      = {2016},
  publisher = {Elsevier}
}

@phdthesis{wei2021confidence,
  title  = {Confidence and information seeking in decision making under uncertainty},
  author = {Wei, Linda},
  year   = {2021},
  school = {University of Oxford}
}

@article{jensen2014intolerance,
  title     = {Intolerance of uncertainty and immediate decision-making in high-risk situations},
  author    = {Jensen, Dane and Kind, Alexandra Jacowitz and Morrison, Amanda S and Heimberg, Richard G},
  journal   = {Journal of Experimental Psychopathology},
  volume    = {5},
  number    = {2},
  pages     = {178--190},
  year      = {2014},
  publisher = {SAGE Publications Sage UK: London, England}
}

@article{zheng2022worry,
  title     = {Worry, intolerance of uncertainty, negative urgency, and their associations to paranoid thinking},
  author    = {Zheng, Sally and Marcos, Michelle and Stewart, Kathleen E and Szabo, Judit and Pawluk, Elizabeth and Girard, Todd A and Koerner, Naomi},
  journal   = {Personality and Individual Differences},
  volume    = {186},
  pages     = {111382},
  year      = {2022},
  publisher = {Elsevier}
}

@article{king2017paranoia,
  title   = {Paranoia, Worry, Cognitive Avoidance and Intolerance of Uncertainty in a student population},
  author  = {King, Alisa and Dudley, Robert},
  journal = {Journal of Applied Psychology and Social Science},
  volume  = {3},
  number  = {2},
  pages   = {70--89},
  year    = {2017}
}

@article{pepperdine2018disentangling,
  title     = {Disentangling intolerance of uncertainty and threat appraisal in everyday situations},
  author    = {Pepperdine, E and Lomax, C and Freeston, MH},
  journal   = {Journal of Anxiety Disorders},
  volume    = {57},
  pages     = {31--38},
  year      = {2018},
  publisher = {Elsevier}
}

@article{milne2019review,
  title     = {A review of the relationship between intolerance of uncertainty and threat appraisal in anxiety},
  author    = {Milne, S and Lomax, C and Freeston, MH},
  journal   = {The Cognitive Behaviour Therapist},
  volume    = {12},
  year      = {2019},
  publisher = {Cambridge University Press}
}

@article{azevedo2020body,
  title     = {A body of evidence:‘feeling in seeing’predicts realness judgments for photojournalistic images.},
  author    = {Azevedo, Ruben and Tucciarelli, Raffaele and De Beuklaer, Sophie and Ambroziak, Klaudia and Jones, Isla and Tsakiris, Manos},
  year      = {2020},
  publisher = {PsyArXiv}
}